<?xml version="1.0" encoding="UTF-8"?><collection xmlns="http://www.loc.gov/MARC21/slim"><record><leader>00451nam--2200133-i-4500</leader><controlfield tag="001">000031953</controlfield><controlfield tag="002">20161230</controlfield><controlfield tag="005">20161230201038</controlfield><controlfield tag="008">060222s1000------------r-----000-0-eng-d</controlfield><datafield ind1=" " ind2=" " tag="100"><subfield code="a">Maizell, Robert E., Smith, Julian F</subfield></datafield><datafield ind1=" " ind2=" " tag="245"><subfield code="a">Singer, t.e.r</subfield></datafield><datafield ind1=" " ind2=" " tag="260"><subfield code="a">Abstracting Scientific And Technical Literature. An Introductory Guide And Text For Scientists, Abstractors And Management</subfield></datafield><datafield ind1=" " ind2=" " tag="490"><subfield code="a">New York, Wiley-interscience, 1971. Xvi+297p</subfield></datafield><datafield ind1=" " ind2=" " tag="852"><subfield code="a">002</subfield></datafield></record></collection>